<record><leader>00000cas a22000007a 4500</leader><controlfield tag="001">19240771</controlfield><controlfield tag="008">890220d194919uumouwr ne      0    0eng d</controlfield><datafield ind1=" " ind2=" " tag="010"><subfield code="a">sn 89066259 </subfield></datafield><datafield ind1=" " ind2=" " tag="040"><subfield code="a">MQN</subfield><subfield code="b">eng</subfield><subfield code="c">MQN</subfield><subfield code="d">OCLCQ</subfield></datafield><datafield ind1=" " ind2=" " tag="042"><subfield code="a">msc</subfield></datafield><datafield ind1="0" ind2=" " tag="130"><subfield code="a">Wellington free press (Wellington, Mo.)</subfield></datafield><datafield ind1="1" ind2="4" tag="245"><subfield code="a">The Wellington free press.</subfield></datafield><datafield ind1=" " ind2=" " tag="260"><subfield code="a">Wellington, Mo. :</subfield><subfield code="b">Buckner Record</subfield></datafield><datafield ind1=" " ind2=" " tag="300"><subfield code="a">v.</subfield></datafield><datafield ind1=" " ind2=" " tag="310"><subfield code="a">Weekly</subfield></datafield><datafield ind1=" " ind2=" " tag="588"><subfield code="a">Description based on: Vol. 1, no. 3 (May 6, 1949).</subfield></datafield><datafield ind1=" " ind2="4" tag="651"><subfield code="a">Wellington (Mo.)</subfield><subfield code="v">Newspapers.</subfield></datafield><datafield ind1=" " ind2=" " tag="752"><subfield code="a">United States</subfield><subfield code="b">Missouri</subfield><subfield code="c">Lafayette</subfield><subfield code="d">Wellington.</subfield></datafield><datafield ind1="0" ind2="4" tag="785"><subfield code="t">Buckner record</subfield><subfield code="w">(DLC)sn 86063287</subfield></datafield></record>